<?xml version="1.0" ?>
<collection>
<record xmlns:marc="http://www.loc.gov/MARC21/slim"><leader>03286nam a2200517Ii 4500</leader><controlfield tag="001">in00005748371</controlfield><controlfield tag="003">OCoLC</controlfield><controlfield tag="005">20220616181445.0</controlfield><controlfield tag="008">180416s2017    ru       b    000 0 rus d</controlfield><datafield ind1=" " ind2=" " tag="020"><subfield code="a">9785906995261</subfield></datafield><datafield ind1=" " ind2=" " tag="020"><subfield code="a">5906995269</subfield></datafield><datafield ind1=" " ind2=" " tag="035"><subfield code="a">(OCoLC)1031371916</subfield></datafield><datafield ind1=" " ind2=" " tag="040"><subfield code="a">EEM</subfield><subfield code="b">eng</subfield><subfield code="e">rda</subfield><subfield code="c">EEM</subfield><subfield code="d">UtOrBLW</subfield></datafield><datafield ind1=" " ind2=" " tag="043"><subfield code="a">e-un---</subfield><subfield code="a">e-pl---</subfield><subfield code="a">e-cs---</subfield><subfield code="a">e-rm---</subfield><subfield code="a">e-ur---</subfield></datafield><datafield ind1=" " ind2=" " tag="049"><subfield code="a">EEMR</subfield></datafield><datafield ind1=" " ind2="4" tag="050"><subfield code="a">DK508.788</subfield><subfield code="b">.B67 2017</subfield></datafield><datafield ind1="1" ind2=" " tag="100"><subfield code="6">880-01</subfield><subfield code="a">Borisënok, Elena,</subfield><subfield code="e">author.</subfield><subfield code="0">http://id.loc.gov/authorities/names/no2006121240</subfield></datafield><datafield ind1="1" ind2="0" tag="245"><subfield code="6">880-02</subfield><subfield code="a">Nesovetskai͡a ukrainizat͡sii͡a :</subfield><subfield code="b">vlasti Polʹshi, Chekhoslovakii i Rumynii i "ukrainskiĭ vopros" v mezhvoennyĭ period /</subfield><subfield code="c">Elena Borisënok.</subfield></datafield><datafield ind1="3" ind2="0" tag="246"><subfield code="6">880-03</subfield><subfield code="a">Vlasti Polʹshi, Chekhoslovakii i Rumynii i "ukrainskiĭ vopros" v mezhvoennyĭ period</subfield></datafield><datafield ind1=" " ind2="1" tag="264"><subfield code="6">880-04</subfield><subfield code="a">Moskva :</subfield><subfield code="b">Algoritm,</subfield><subfield code="c">2017.</subfield></datafield><datafield ind1=" " ind2=" " tag="300"><subfield code="a">302 pages ;</subfield><subfield code="c">21 cm</subfield></datafield><datafield ind1=" " ind2=" " tag="336"><subfield code="a">text</subfield><subfield code="b">txt</subfield><subfield code="2">rdacontent</subfield></datafield><datafield ind1=" " ind2=" " tag="337"><subfield code="a">unmediated</subfield><subfield code="b">n</subfield><subfield code="2">rdamedia</subfield></datafield><datafield ind1=" " ind2=" " tag="338"><subfield code="a">volume</subfield><subfield code="b">nc</subfield><subfield code="2">rdacarrier</subfield></datafield><datafield ind1=" " ind2=" " tag="500"><subfield code="6">880-05</subfield><subfield code="a">At head of title: Institut slavi͡anovedenii͡a RAN.</subfield></datafield><datafield ind1=" " ind2=" " tag="504"><subfield code="a">Includes bibliographical references.</subfield></datafield><datafield ind1="1" ind2=" " tag="583"><subfield code="3">copy1</subfield><subfield code="a">Committed to retain</subfield><subfield code="c">20200101</subfield><subfield code="d">20341231</subfield><subfield code="f">MI-SPI</subfield><subfield code="u">http://www.mcls.org/engagement/mi-spi/</subfield><subfield code="5">MiEM</subfield></datafield><datafield ind1=" " ind2="0" tag="651"><subfield code="a">Ukraine</subfield><subfield code="x">History</subfield><subfield code="x">Autonomy and independence movements.</subfield><subfield code="0">http://id.loc.gov/authorities/subjects/sh2008117325</subfield></datafield><datafield ind1=" " ind2="0" tag="650"><subfield code="a">National characteristics, Ukrainian.</subfield><subfield code="0">http://id.loc.gov/authorities/subjects/sh85090002</subfield></datafield><datafield ind1=" " ind2="0" tag="651"><subfield code="a">Ukraine</subfield><subfield code="x">Foreign relations</subfield><subfield code="z">Poland.</subfield><subfield code="0">http://id.loc.gov/authorities/subjects/sh92006411</subfield></datafield><datafield ind1=" " ind2="0" tag="651"><subfield code="a">Poland</subfield><subfield code="x">Foreign relations</subfield><subfield code="z">Ukraine.</subfield><subfield code="0">http://id.loc.gov/authorities/subjects/sh2010107320</subfield></datafield><datafield ind1=" " ind2="0" tag="651"><subfield code="a">Ukraine</subfield><subfield code="x">Foreign relations</subfield><subfield code="z">Czechoslovakia.</subfield><subfield code="0">http://id.loc.gov/authorities/subjects/sh92006411</subfield></datafield><datafield ind1=" " ind2="0" tag="651"><subfield code="a">Czechoslovakia</subfield><subfield code="x">Foreign relations</subfield><subfield code="z">Ukraine.</subfield><subfield code="0">http://id.loc.gov/authorities/subjects/sh85035310</subfield></datafield><datafield ind1=" " ind2="0" tag="651"><subfield code="a">Ukraine</subfield><subfield code="x">Foreign relations</subfield><subfield code="z">Romania.</subfield><subfield code="0">http://id.loc.gov/authorities/subjects/sh92006411</subfield></datafield><datafield ind1=" " ind2="0" tag="651"><subfield code="a">Romania</subfield><subfield code="x">Foreign relations</subfield><subfield code="z">Ukraine.</subfield><subfield code="0">http://id.loc.gov/authorities/subjects/sh85114993</subfield></datafield><datafield ind1=" " ind2="0" tag="651"><subfield code="a">Soviet Union</subfield><subfield code="x">Historiography.</subfield><subfield code="0">http://id.loc.gov/authorities/subjects/sh2008117095</subfield></datafield><datafield ind1="2" ind2=" " tag="710"><subfield code="6">880-06</subfield><subfield code="a">Institut slavi︠a︡novedenii︠a︡ (Rossiĭskai︠a︡ akademii︠a︡ nauk),</subfield><subfield code="e">issuing body.</subfield><subfield code="0">http://id.loc.gov/authorities/names/n98075383</subfield></datafield><datafield ind1="1" ind2=" " tag="880"><subfield code="6">100-01</subfield><subfield code="a">Борисёнок, Елена,</subfield><subfield code="e">author.</subfield></datafield><datafield ind1="1" ind2="0" tag="880"><subfield code="6">245-02</subfield><subfield code="a">Несоветская украинизация :</subfield><subfield code="b">власти Польши, Чехословакии и Румынии и "украинский вопрос" в межвоенный период /</subfield><subfield code="c">Елена Борисёнок.</subfield></datafield><datafield ind1="3" ind2="0" tag="880"><subfield code="6">246-03</subfield><subfield code="a">Власти Польши, Чехословакии и Румынии и "украинский вопрос" в межвоенный период</subfield></datafield><datafield ind1=" " ind2="1" tag="880"><subfield code="6">264-04</subfield><subfield code="a">Москва :</subfield><subfield code="b">Алгоритм,</subfield><subfield code="c">2017.</subfield></datafield><datafield ind1=" " ind2=" " tag="880"><subfield code="6">500-05</subfield><subfield code="a">Аt head of title: Институт славяноведения РАН.</subfield></datafield><datafield ind1="2" ind2=" " tag="880"><subfield code="6">710-06</subfield><subfield code="a">Институт славяноведения (Российская академия наук),</subfield><subfield code="e">issuing body.</subfield></datafield><datafield ind1=" " ind2=" " tag="907"><subfield code="y">.b126681211</subfield><subfield code="b">210630</subfield><subfield code="c">180420</subfield></datafield><datafield ind1=" " ind2=" " tag="998"><subfield code="a">mn</subfield><subfield code="b">180618</subfield><subfield code="c">m</subfield><subfield code="d">a  </subfield><subfield code="e">-</subfield><subfield code="f">rus</subfield><subfield code="g">ru </subfield><subfield code="h">0</subfield><subfield code="i">1</subfield></datafield><datafield ind1=" " ind2=" " tag="994"><subfield code="a">C0</subfield><subfield code="b">EEM</subfield></datafield><datafield ind1="f" ind2="f" tag="999"><subfield code="i">07e7f0fa-d113-5af5-8f76-00aca25ac30c</subfield><subfield code="s">48b969ed-03c7-5fbe-8c5a-d4219c96292c</subfield><subfield code="t">0</subfield></datafield><datafield ind1="f" ind2="f" tag="952"><subfield code="p">Can Circulate</subfield><subfield code="a">Michigan State University-Library of Michigan</subfield><subfield code="b">Michigan State University</subfield><subfield code="c">MSU Main Library</subfield><subfield code="d">MSU Main Library</subfield><subfield code="t">0</subfield><subfield code="e">DK508.788 .B67 2017</subfield><subfield code="h">Library of Congress classification</subfield><subfield code="i">Printed Material</subfield><subfield code="m">31293036026049</subfield><subfield code="n">1</subfield></datafield></record>
</collection>
